@book{iso,
	Author = {Marco Aurélio Medeiros},
	Title = {ISO 9241: uma proposta de utilização da Norma para avaliação do grau de satisfação de usuários de software},
	Publisher = {Dissertação (Mestrado em Engenharia de Produção)},
	Address = {Florianópolis, SC},
	Year = 1999
}

@book{designEInteracao,
	Author = {Jennifer Prece, Yvonne Rogers, Helen Sharp},
	Title = {Design de Interação: Além da interação homem-computador},
	Publisher = {Editora Erica},
	Address = {São Paulo, SP},
	Year = 2005
}

@misc{avaliacao,
	Author = {Raquel Oliveira Prates, Simone Diniz Junqueira Barbosa},
	Title = {Avaliação de Interfaces de Usuário – Conceitos e Métodos},
	Url = {http://homepages.dcc.ufmg.br/~rprates/ge_vis/cap6_vfinal.pdf},
	Year = 2014
}

@misc{fluid,
	Author = {Fluid Software},
	Title = {Tools Fluid UI},
	Url = {https://www.fluidui.com},
	Year = 2014
}

@misc{ergoList,
	Author = {Laboratório de utilizabilidade - UFSC},
	Title = {ErgoList},
	Url = {https://www.fluidui.com},
	Year = 2011
}

@misc{sumi,
	Author = {Dr Jurek Kirakowski},
	Title = {SUMI - Software Usability Measurement Inventory},
	Url = {https://sumi.ucc.ie/},
	Year = 2014
}
